@article{latAtk,
  url     = {https://www.researchgate.net/publication/225240686_Lattice_Attacks_on_Digital_Signature_Schemes},
  title   = {Lattice Attacks on Digital Signature Schemes},
  author  = {N.A. Howgrave-Graham, N.P. Smart},
  journal = {Designs Codes and Cryptography},
  year    = {2001}
}

@misc{frwiki:218649671,
  author = "Wikipédia",
  title = "Courbe elliptique --- Wikipédia{,} l'encyclopédie libre",
  year = "2024",
  url = "http://fr.wikipedia.org/w/index.php?title=Courbe_elliptique&oldid=218649671",
  note = "[En ligne; Page disponible le 15-septembre-2024]"
}

@book{sumer_sign,
    author = {Hans J. Nissen and Peter Damerow and Robert K. Englund},
    title = {The Administrative Activities of Kushim". Archaic Bookkeeping: Early Writing and Techniques of Economic Administration in the Ancient Near East.},
    publisher = {University of Chicago Press},
    year = {1993},
    translator = {paul Larsen},
    isbn = {0-226-58659-6}
}

@misc{signature_electronique,
  author = {Anonymes},
  title = {Signature numérique},
  url = {https://fr.wikipedia.org/wiki/Signature_num%C3%A9rique#},
  year = {2006}
}

@ARTICLE{1055638,
  author={Diffie, W. and Hellman, M.},
  journal={IEEE Transactions on Information Theory},
  title={New directions in cryptography},
  year={1976},
  volume={22},
  number={6},
  pages={644-654},
  keywords={Cryptography;Receivers;Authentication;Eavesdropping;Costs;Business;Public key cryptography},
  doi={10.1109/TIT.1976.1055638}}

@article{signRSA,
  author={Ronald L. Rivest, Adi Shamir, and Leonard M. Adleman},
  title={A Method for Obtaining Digital Signatures and Public-Key Cryptosystems},
  year={1978},
  journal={Communications of the ACM},
  volume={21},
  doi={10.1145/359340.359342}
}

@misc{dsawiki,
  author = {Anonymes},
  title = {Digital Signature Algorithm},
  url = {https://en.wikipedia.org/wiki/Digital_Signature_Algorithm},
  year = {2005}
}

@misc{dsaFIPS,
  author = {NIST},
  title = {FIPS 186 : Digital Signature Standard (DSS)},
  url = {https://web.archive.org/web/20131213131144/http://www.itl.nist.gov/fipspubs/fip186.htm},
  year = {1994}
}

@article{ecdsaFIPS,
  author = {NIST},
  title = {FIPS 186-3 : Digital Signature Standard (DSS)},
  url = {https://csrc.nist.gov/files/pubs/fips/186-3/final/docs/fips_186-3.pdf},
  year = {2009}
}

@article{lll,
  author = {A.K. Lenstra and H.W. Lenstra and L. Lovász},
  title = {Factoring polynomials with rational coefficients},
  year = {1982}
}

@article{methodoFIPS,
  author = {NIST},
  title = {FIPS 186-3 : Digital Signature Standard (DSS)},
  url = {https://csrc.nist.gov/files/pubs/fips/186-3/final/docs/fips_186-3.pdf},
  year = {1998}
}


@phdthesis{demicheli:tel-03335360,
  TITLE = {{Discrete Logarithm Cryptanalyses : Number Field Sieve and Lattice Tools for Side-Channel Attacks}},
  AUTHOR = {de Micheli, Gabrielle},
  URL = {https://hal.univ-lorraine.fr/tel-03335360},
  NUMBER = {2021LORR0104},
  SCHOOL = {{Universit{\'e} de Lorraine}},
  YEAR = {2021},
  MONTH = May,
  KEYWORDS = {Cryptanalysis ; Discrete logarithm ; Lattices ; Side-channel attacks ; Cryptanalyse ; Logarithme discret ; R{\'e}seaux ; Attaques par canaux cach{\'e}s},
  TYPE = {Theses},
  PDF = {https://hal.univ-lorraine.fr/tel-03335360v1/file/DDOC_T_2021_0104_DE_MICHELI.pdf},
  HAL_ID = {tel-03335360},
  HAL_VERSION = {v1},
}

@book{guide_elliptic_crypto,
    author = {Darrel Hankerson and Alfred Menezes and Scott Vanstone},
    title = {Guide to Elliptic Curve Cryptography},
    publisher = {Springer},
    year = {2004},
    isbn = {0-387-95273-X }
}



